<record><leader>00000cas a22000007a 4500</leader><controlfield tag="001">28511480</controlfield><controlfield tag="008">930416u1943uuuuvaumr ne      0    0eng d</controlfield><datafield ind1=" " ind2=" " tag="010"><subfield code="a">sn2002061936</subfield></datafield><datafield ind1=" " ind2=" " tag="040"><subfield code="a">VA@</subfield><subfield code="b">eng</subfield><subfield code="c">VA@</subfield><subfield code="d">NVK</subfield><subfield code="d">OCLCF</subfield><subfield code="d">OCLCO</subfield></datafield><datafield ind1="1" ind2=" " tag="029"><subfield code="a">AU@</subfield><subfield code="b">000023525762</subfield></datafield><datafield ind1=" " ind2=" " tag="042"><subfield code="a">msc</subfield></datafield><datafield ind1=" " ind2=" " tag="043"><subfield code="a">n-us-va</subfield></datafield><datafield ind1=" " ind2="4" tag="050"><subfield code="a">UA926</subfield><subfield code="b">.B52</subfield></datafield><datafield ind1="0" ind2="4" tag="245"><subfield code="a">The Blacksburg citizen.</subfield></datafield><datafield ind1=" " ind2=" " tag="260"><subfield code="a">Blacksburg, Va. :</subfield><subfield code="b">Information Committee of the Blacksburg Civilian Defense,</subfield><subfield code="c">1943-</subfield></datafield><datafield ind1=" " ind2=" " tag="300"><subfield code="a">v. ;</subfield><subfield code="c">28 cm.</subfield></datafield><datafield ind1="0" ind2=" " tag="362"><subfield code="a">Vol. 1, no. 1 (May 1943)-</subfield></datafield><datafield ind1=" " ind2="0" tag="650"><subfield code="a">Civil defense</subfield><subfield code="z">Virginia</subfield><subfield code="z">Blacksburg.</subfield></datafield><datafield ind1=" " ind2="0" tag="651"><subfield code="a">Blacksburg (Va.)</subfield><subfield code="v">Newspapers.</subfield></datafield><datafield ind1=" " ind2="7" tag="655"><subfield code="a">Newspapers.</subfield><subfield code="2">fast</subfield><subfield code="0">(OCoLC)fst01423814</subfield></datafield><datafield ind1=" " ind2="7" tag="650"><subfield code="a">Civil defense.</subfield><subfield code="2">fast</subfield><subfield code="0">(OCoLC)fst00862456</subfield></datafield><datafield ind1=" " ind2="7" tag="651"><subfield code="a">Virginia</subfield><subfield code="z">Blacksburg.</subfield><subfield code="2">fast</subfield><subfield code="0">(OCoLC)fst01204779</subfield></datafield><datafield ind1="2" ind2=" " tag="710"><subfield code="a">Blacksburg Civilian Defense (Blacksburg, Va.).</subfield><subfield code="b">Information Committee.</subfield></datafield><datafield ind1=" " ind2=" " tag="752"><subfield code="a">United States</subfield><subfield code="b">Virginia</subfield><subfield code="c">Montgomery</subfield><subfield code="d">Blacksburg.</subfield></datafield></record>